<record><leader>00000cas a22000007a 4500</leader><controlfield tag="001">13620880</controlfield><controlfield tag="008">860522d1867190utnuwr ne      0    0eng d</controlfield><datafield ind1=" " ind2=" " tag="010"><subfield code="a">sn 86053410 </subfield></datafield><datafield ind1=" " ind2=" " tag="040"><subfield code="a">NPX</subfield><subfield code="b">eng</subfield><subfield code="c">NPX</subfield><subfield code="d">TGN</subfield><subfield code="d">OCLCQ</subfield><subfield code="d">OCLCF</subfield><subfield code="d">OCLCO</subfield></datafield><datafield ind1="1" ind2=" " tag="029"><subfield code="a">AU@</subfield><subfield code="b">000021385159</subfield></datafield><datafield ind1=" " ind2=" " tag="042"><subfield code="a">msc</subfield></datafield><datafield ind1=" " ind2=" " tag="043"><subfield code="a">n-us-tn</subfield></datafield><datafield ind1="0" ind2="4" tag="245"><subfield code="a">The Tipton weekly record.</subfield></datafield><datafield ind1="3" ind2="0" tag="246"><subfield code="a">Tipton record</subfield></datafield><datafield ind1=" " ind2=" " tag="260"><subfield code="a">Covington, Tenn. :</subfield><subfield code="b">Rose &amp; Co.</subfield></datafield><datafield ind1=" " ind2=" " tag="300"><subfield code="a">v.</subfield></datafield><datafield ind1=" " ind2=" " tag="310"><subfield code="a">Weekly</subfield></datafield><datafield ind1="1" ind2=" " tag="362"><subfield code="a">Began in 1867.</subfield></datafield><datafield ind1=" " ind2=" " tag="500"><subfield code="a">Publishers: Rose &amp; Co., &lt;1871&gt;; Holshouser &amp; Co., &lt;1875-1876&gt;; Jno. Green, Hall &amp; Co., &lt;1878&gt;; Record Pub. Co., &lt;1884&gt;; Boyd &amp; Hall, &lt;1886-1898&gt;</subfield></datafield><datafield ind1=" " ind2=" " tag="500"><subfield code="a">Editors: Sam P. Rose, &lt;1871&gt;; C.B. Simonton, &lt;1875&gt;; L.A. Palmer, &lt;1876&gt;</subfield></datafield><datafield ind1=" " ind2=" " tag="588"><subfield code="a">Description based on: Vol. 4, no. 24 (Jan. 27, 1871).</subfield></datafield><datafield ind1=" " ind2="0" tag="651"><subfield code="a">Covington (Tenn.)</subfield><subfield code="v">Newspapers.</subfield></datafield><datafield ind1=" " ind2="0" tag="651"><subfield code="a">Tipton County (Tenn.)</subfield><subfield code="v">Newspapers.</subfield></datafield><datafield ind1=" " ind2="7" tag="655"><subfield code="a">Newspapers.</subfield><subfield code="2">fast</subfield><subfield code="0">(OCoLC)fst01423814</subfield></datafield><datafield ind1=" " ind2="7" tag="651"><subfield code="a">Tennessee</subfield><subfield code="z">Covington.</subfield><subfield code="2">fast</subfield><subfield code="0">(OCoLC)fst01229013</subfield></datafield><datafield ind1=" " ind2="7" tag="651"><subfield code="a">Tennessee</subfield><subfield code="z">Tipton County.</subfield><subfield code="2">fast</subfield><subfield code="0">(OCoLC)fst01228856</subfield></datafield><datafield ind1=" " ind2=" " tag="752"><subfield code="a">United States</subfield><subfield code="b">Tennessee</subfield><subfield code="c">Tipton</subfield><subfield code="d">Covington.</subfield></datafield><datafield ind1="0" ind2="0" tag="785"><subfield code="t">Tipton record</subfield><subfield code="w">(DLC)sn2001062202</subfield></datafield></record>